
Volume 31, Issues 10-12 (2005), 215 pp 
OpenMP  
% Parallel Computing

@ARTICLE{special:parallelComputing2005,
	AUTHOR = "",
	TITLE = "{Special Issue on OpenMP}",
	JOURNAL = "Parallel Computing",
	VOLUME = {31},
	NUMBER = {10-12},
	PAGES = {957-1173},
	PUBLISHER = {Elsevier},
	YEAR = {2005}	}
	
% Parallel Evolutionary Algorithms

@ARTICLE{Huang:openmpGlobalArrays2005,
    author =  "L. Huang and B. Chapman and Z. Liu",
    title = "Towards a more efficient implementation of OpenMP for clusters via translation to global arrays",
    journal = "Parallel Computing",
    VOLUME = {31},
    NUMBER = {},
    PAGES = {1114-1139},
    PUBLISHER = {Elsevier},
    YEAR = {2005}
}


@ARTICLE{paradiseo:JHeuristics2004,
	AUTHOR = "S. Cahon and N. Melab and E.-G. Talbi",
	TITLE = "{ParadisEO: A Framework for the Reusable Design of Parallel and Distributed Metaheuristics}",
	JOURNAL = "Journal of Heuristics",
	VOLUME = {10},
	NUMBER = {},
	PAGES = {357-380},
	PUBLISHER = {Kluwer Academic Publishers},
	YEAR = {2004}	}

@ARTICLE{paradiseo:ParallelComputing2004,
	AUTHOR = "S. Cahon and N. Melab and E.-G. Talbi",
	TITLE = "{Building with ParadisEO Reusable Parallel and Distributed Evolutionary Algorithms}",
	JOURNAL = "Parallel Computing Journal",
	VOLUME = {30},
	NUMBER = {},
	PAGES = {677-697},
	PUBLISHER = {Elsevier Science},
	YEAR = {2004}	}

@ARTICLE{alba:COR2008,
	AUTHOR = "E. Alba and F. Chicano",
	TITLE = "{Observations in Using Parallel and Sequential Evolutionary Algorithms
	for Automatic Software Testing}",
	JOURNAL = "Computers \& Operations Research",
	VOLUME = {35},
	NUMBER = {10},
	PAGES = {3161-3183},
	PUBLISHER = {},
	YEAR = {2008}	}

@ARTICLE{alba:IEEE2002,
	AUTHOR = "E. Alba and M. Tomassini",
	TITLE = "{Parallelism and Evolutionary Algorithms}",
	JOURNAL = "IEEE Transactions on Evolutionary Computation",
	VOLUME = {6},
	NUMBER = {5},
	PAGES = {443-462},
	PUBLISHER = {IEEE Press},
	YEAR = {2002}	}

@ARTICLE{alba:IPL2002,
	AUTHOR = "E. Alba",
	TITLE = "{Parallel Evolutionary Algorithms Can Achieve Super-Linear Performance}",
	JOURNAL = "Information Processing Letters",
	VOLUME = {82},
	NUMBER = {1},
	PAGES = {7-13},
	PUBLISHER = {},
	YEAR = {2002}	}

% Parallel Planning Systems

@ARTICLE{burns:JAIR2010,
	AUTHOR = "E. Burns and S. Lemons and W. Ruml and R. Zhou",
	TITLE = "{Best-First Heuristic Search for Multicore Machines}",
	JOURNAL = "Journal of Artificial Intelligence Research",
	VOLUME = {39},
	NUMBER = {},
	PAGES = {689-743},
	YEAR = {2010}	}

@INPROCEEDINGS{burns:icaps2009,
	AUTHOR = "E. Burns and S. Lemons and W. Ruml and R. Zhou",
	TITLE = "{Suboptimal and Anytime Heuristic Search on Multi-Core Machines}",
	BOOKTITLE = "$19^{th}$ International Conference on Automated Planning and Scheduling (ICAPS-2009)",
	PUBLISHER = {AAAI Press},
	YEAR = {2009}	}

@INPROCEEDINGS{burns:ijcai2009,
	AUTHOR = "E. Burns and S. Lemons and R. Zhou and W. Ruml",
	TITLE = "{Best-First Heuristic Search for Multi-Core Machines}",
	BOOKTITLE = "$21^{st}$ International Joint Conference on Artificial Intelligence (IJCAI-09)",
	PUBLISHER = {AAAI Press},
	YEAR = {2009}	}

@INPROCEEDINGS{vidal:socs2010,
	AUTHOR = "V. Vidal and L. Bordeaux and Y. Hamadi",
	TITLE = "{Adaptive K-Parallel Best-First Search: A simple but Efficient Algorithm for Multi-Core Domain-Independent Planning}",
	BOOKTITLE = "$3^{rd}$ Symposium on Combinatorial Search (SOCS'10)",
	PUBLISHER = {AAAI Press},
	YEAR = {2010}	}

% Divide-and-Evolve

@INPROCEEDINGS{dae:gecco2010,
	AUTHOR = "J. Biba{\"i} and P. Sav\'eant and M. Schoenauer and V. Vidal",
	TITLE = "{On the Generality of Parameter Tuning in Evolutionary Planning}",
	BOOKTITLE = "$20^{th}$ Genetic and Evolutionary Computation Conference (GECCO'10)",
	PAGES = {241-248},
	PUBLISHER = {ACM Press},
	YEAR = {2010}	}

@INPROCEEDINGS{dae:icaps2010,
	AUTHOR = "J. Biba{\"i} and P. Sav\'eant and M. Schoenauer and V. Vidal",
	TITLE = "{An Evolutionary Metaheuristic Based on State Decomposition for Domain-Independent Satisficing Planning}",
	BOOKTITLE = "$20^{th}$ International Conference on Automated Planning and Scheduling (ICAPS-2010)",
	PAGES = {18-25},
	PUBLISHER = {AAAI Press},
	YEAR = {2010}	}

@inproceedings{dae:evocop2006,
   author    = {Marc Schoenauer and Pierre Sav\'eant and Vincent Vidal},
   title     = {{Divide-and-Evolve: a New Memetic Scheme for Domain-Independent Temporal Planning}},
   booktitle = {$6^{th}$ European Conference on Evolutionary Computation in Combinatorial Optimization (EvoCOP'06)},
   year      = {2006},
   editor    = {J. Gottlieb and G. Raidl},
   publisher = {Springer Verlag} }
   
% YAHSP

@InProceedings{yahsp:icaps2004,
  author={Vidal, Vincent},
  title={{A Lookahead Strategy for Heuristic Search Planning}},
  booktitle={$14^{th}$ International Conference on Automated Planning and Scheduling (ICAPS-2004)},
  year={2004},
  pages={150-159},
  publisher={AAAI Press}
}

@InProceedings{yahsp:ipc:2011,
  author={Vidal, Vincent},
  title={{YAHSP2: Keep It Simple, Stupid}},
  booktitle={$7^{th}$ International Planning Competition (IPC-2011), Deterministic Part},
  year={2011}
}

% Planning

@Article{pddl:jair2003,
  author={M. Fox and D. Long},
  title={{PDDL2.1: An extension to {PDDL} for expressing temporal planning domains}},
  journal={Journal of Artificial Intelligence Research},
	volume={20},
	pages={61-124},
  year={2003}
}

@InProceedings{h1:aips2000,
  author={P. Haslum and H. Geffner},
  title={Admissible {H}euristics for {O}ptimal {P}lanning},
  booktitle={AIPS-2000},
  pages={70-82},
  year=2000
}

@Article{	  ff:jair01,
  author	= {J. Hoffmann and B. Nebel},
  title		= {{The {FF} Planning System: {F}ast Plan Generation Through
		  Heuristic Search}},
  journal	= {Journal of Artificial Intelligence Research},
  year		= {2001},
  volume	= {14},
  pages		= {253-302}
}

@inproceedings{rintanen:acai2010,
  author    = {Jussi Rintanen},
  title     = {{Heuristic Planning with SAT: {B}eyond Uninformed Depth-First
               Search}},
  booktitle = {$23^{rd}$ Australasian Conference on Artificial Intelligence (ACAI-2010)},
  year      = {2010},
  pages     = {415-424}
}

@Article{	  ipc4:jair05,
  author	= {J. Hoffmann and S. Edelkamp},
  title		= {{The Deterministic Part of {IPC}-4: {A}n Overview}},
  journal	= {Journal of Artificial Intelligence Research},
  year		= {2005},
  volume	= {24},
  pages		= {519--579}
}

@Article{	  lama:jair2010,
  author	= {S. Richter and M. Westphal},
  title		= {{The {LAMA} Planner: {G}uiding Cost-Based Anytime Planning
		  with Landmarks}},
  journal	= {Journal of Artificial Intelligence Research},
  volume	= {39},
  year		= {2010},
  pages		= {127-177}
}

@article{ PRA-star,
  author    = {M. P. Evett and J. A. Hendler and A. Mahanti and D. S. Nau},
  title     = "{{PRA*}: {M}assively Parallel Heuristic Search}",
  journal   = {Journal of Parallel and Distributed Computing},
  volume    = {25},
  number    = {2},
  year      = {1995},
  pages     = {133-143}
}

@inproceedings{TDS,
  author    = {J. W. Romein and A. Plaat and H. E. Bal and J. Schaeffer},
  title     = "{Transposition Table Driven Work Scheduling in Distributed Search}",
  booktitle = {$16^{th}$ National Conference on Artificial Intelligence (AAAI-1999) },
  year      = {1999},
  pages     = {725-731}
}

@inproceedings{PFADDD,
  author    = {R. Niewiadomski and J. N. Amaral and R. C. Holte},
  title     = "{Sequential and Parallel Algorithms for Frontier {A}* with
               Delayed Duplicate Detection}",
  booktitle = {$21^{st}$ National Conference on Artificial Intelligence (AAAI-2006) },
  year      = {2006}
}

@inproceedings{ HDA-star,
  author	= {A. Kishimoto and A. S. Fukunaga and A. Botea},
  title		= "{Scalable, Parallel Best-First Search for Optimal
		  Sequential Planning}",
  booktitle	= {$19^{th}$ International Conference on Automated Planning and Scheduling (ICAPS-2009)},
  year		= {2009},
  pages		= {10-17}
}

@InProceedings{	  dovetailing,
  author	= {R. Valenzano and N. Sturtevant and J. Schaeffer and K.
		  Buro and A. Kishimoto},
  title		= "{Simultaneously Searching with Multiple Settings: {A}n
		  Alternative to Parameter Tuning for Suboptimal Single-Agent
		  Search Algorithms}",
  booktitle	= {$20^{th}$ International Conference on Automated Planning and Scheduling (ICAPS-2010)},
  year		= {2010},
  pages		= {177-184}
}

@Book{		  gnt04,
  author	= {M. Ghallab and D. Nau and P. Traverso},
  title		= {{Automated Planning: Theory and Practice}},
  publisher	= {Morgan Kaufmann},
  address	= {San Francisco, CA, USA},
  year		= {2004}
}
