% Parallel Evolutionary Algorithms

@ARTICLE{paradiseo:JHeuristics2004,
	AUTHOR = "S. Cahon and N. Melab and E.-G. Talbi",
	TITLE = "{ParadisEO: A Framework for the Reusable Design of Parallel and Distributed Metaheuristics}",
	JOURNAL = "Journal of Heuristics",
	VOLUME = {10},
	NUMBER = {},
	PAGES = {357-380},
	PUBLISHER = {Kluwer Academic Publishers},
	YEAR = {2004}	}

@ARTICLE{paradiseo:ParallelComputing2004,
	AUTHOR = "S. Cahon and N. Melab and E.-G. Talbi",
	TITLE = "{Building with ParadisEO Reusable Parallel and Distributed Evolutionary Algorithms}",
	JOURNAL = "Parallel Computing Journal",
	VOLUME = {30},
	NUMBER = {},
	PAGES = {677-697},
	PUBLISHER = {Elsevier Science},
	YEAR = {2004}	}

@ARTICLE{alba:COR2008,
	AUTHOR = "E. Alba and F. Chicano",
	TITLE = "{Observations in Using Parallel and Sequential Evolutionary Algorithms
	for Automatic Software Testing}",
	JOURNAL = "Computers \& Operations Research",
	VOLUME = {35},
	NUMBER = {10},
	PAGES = {3161-3183},
	PUBLISHER = {},
	YEAR = {2008}	}

@ARTICLE{alba:IEEE2002,
	AUTHOR = "E. Alba and M. Tomassini",
	TITLE = "{Parallelism and Evolutionary Algorithms}",
	JOURNAL = "IEEE Transactions on Evolutionary Computation",
	VOLUME = {6},
	NUMBER = {5},
	PAGES = {443-462},
	PUBLISHER = {IEEE Press},
	YEAR = {2002}	}

@ARTICLE{alba:IPL2002,
	AUTHOR = "E. Alba",
	TITLE = "{Parallel Evolutionary Algorithms Can Achieve Super-Linear Performance}",
	JOURNAL = "Information Processing Letters",
	VOLUME = {82},
	NUMBER = {1},
	PAGES = {7-13},
	PUBLISHER = {},
	YEAR = {2002}	}

% Parallel Planning Systems

@ARTICLE{burns:JAIR2010,
	AUTHOR = "E. Burns and S. Lemons and W. Ruml and R. Zhou",
	TITLE = "{Best-First Heuristic Search for Multicore Machines}",
	JOURNAL = "Journal of Artificial Intelligence Research",
	VOLUME = {39},
	NUMBER = {},
	PAGES = {689–743},
	YEAR = {2010}	}

@INPROCEEDINGS{burns:icaps2009,
	AUTHOR = "E. Burns and S. Lemons and W. Ruml and R. Zhou",
	TITLE = "{Suboptimal and Anytime Heuristic Search on Multi-Core Machines}",
	BOOKTITLE = "$19^{th}$ International Conference on Automated Planning and Scheduling (ICAPS-2009)",
	PUBLISHER = {AAAI Press},
	YEAR = {2009}	}

@INPROCEEDINGS{burns:ijcai2009,
	AUTHOR = "E. Burns and S. Lemons and R. Zhou and W. Ruml",
	TITLE = "{Best-First Heuristic Search for Multi-Core Machines}",
	BOOKTITLE = "$21^{st}$ International Joint Conference on Artificial Intelligence (IJCAI-09)",
	PUBLISHER = {AAAI Press},
	YEAR = {2009}	}

@INPROCEEDINGS{vidal:socs2010,
	AUTHOR = "V. Vidal and L. Bordeaux and Y. Hamadi",
	TITLE = "{Adaptive K-Parallel Best-First Search: A simple but Efficient Algorithm for Multi-Core Domain-Independent Planning}",
	BOOKTITLE = "$3^{rd}$ Symposium on Combinatorial Search (SOCS'10)",
	PUBLISHER = {AAAI Press},
	YEAR = {2010}	}

% Divide-and-Evolve

@INPROCEEDINGS{dae:icaps2010,
	AUTHOR = "J. Biba{\"i} and P. Sav\'eant and M. Schoenauer and V. Vidal",
	TITLE = "{An Evolutionary Metaheuristic Based on State Decomposition for Domain-Independent Satisficing Planning}",
	BOOKTITLE = "$20^{th}$ International Conference on Automated Planning and Scheduling (ICAPS-2010)",
	PAGES = {18-25},
	PUBLISHER = {AAAI Press},
	YEAR = {2010}	}

@inproceedings{dae:evocop2006,
   author    = {Marc Schoenauer and Pierre Sav\'eant and Vincent Vidal},
   title     = {{Divide-and-Evolve: a New Memetic Scheme for Domain-Independent Temporal Planning}},
   booktitle = {$6^{th}$ European Conference on Evolutionary Computation in Combinatorial Optimization (EvoCOP'06)},
   year      = {2006},
   editor    = {J. Gottlieb and G. Raidl},
   publisher = {Springer Verlag} }
