@InCollection{ Eiben2007,
	author = "A. E. Eiben and Z. Michalewicz and M. Schoenauer and J. E. Smith",
	title = "Parameter Control in Evolutionary Algorithms",
	editor = "David J. Lipcoll and D. H. Lawrie and A. H. Sameh",
	booktitle = "Parameter Setting in Evolutionary Algorithms",
	chapter = 2,
	type = "Chapter",
	pages = "19--46",
	edition = "Third",
	crossref = "ParameterSettingBook07"
}

@Article{ SebastiaAICom-2006,
	author = "L. Sebastia and E. Onaindia and E. Marza",
	title = "{Decomposition of Planning Problems}",
	journal = "AI Communications",
	year = 2006,
	volume = "19(1)",
	pages = "49--81"
}

@Article{ Valenzuela-1994,
	author = "C. L. Valenzuela and A. J. Jones",
	title = "{Evolutionary Divide and Conquer (I): a Novel Genetic Approach to the TSP}",
	journal = "Evolutionary Computation",
	year = 1994,
	volume = "1(4)",
	pages = "313--333"
}

@Article{ landmarks-2004,
	author = "J. Hoffmann and J. Porteous and L. Sebastia",
	title = "{O}rdered {L}andmarks in {P}lanning",
	journal = "[JAIR"
}

@InProceedings{ Morignot-2005,
	author = "A. H. Bri{\'e} and P. Morignot",
	title = "Genetic {P}lanning {U}sing {V}ariable {L}ength {C}hromosomes",
	booktitle = "Proc. ICAPS",
	year = 2005
}

@Article{ DO-JAIR-2003,
	author = "M.B. Do and S. Kambhampati",
	title = "Sapa: {A} {M}ulti-{O}bjective {M}etric {T}emporal {P}lanner",
	journal = "JAIR",
	year = 2003,
	volume = 20,
	pages = "155--194"
}

@Article{ fox:pddl,
	author = "M. Fox and D. Long",
	title = "{PDDL2.1: An extension to {PDDL} for expressing temporal planning domains}",
	journal = "JAIR",
	volume = "20",
	year = "2003",
	pages = "61--124"
}

@Article{ Fox-JAIR-1998,
	author = "M. Fox and D. Long",
	title = "The {A}utomatic {I}nference of {S}tate {I}nvariants in {TIM}",
	journal = "JAIR",
	year = 1998,
	volume = 9,
	pages = "367--421"
}

@Article{ Fox-JAIR-2003,
	author = "M. Fox and D. Long",
	title = "{PDDL2.1}: {A}n {E}xtension to {PDDL} for {E}xpressing {T}emporal {P}lanning {D}omains",
	journal = "JAIR",
	year = 2003,
	volume = 20,
	pages = "61--124"
}

@InProceedings{ Geffner-AAAI2002,
	author = "H. Geffner",
	title = "Perspectives on {A}rtificial {I}ntelligence {P}lanning",
	booktitle = "Proc. AAAI-2002",
	pages = "1013--1023",
	year = 2002
}

@Article{ Goldberg-ECJ-1999,
	author = "J.L. Schlabach and C.C. Hayes and D.E. Goldberg",
	title = "{FOX-GA}: {A} {G}enetic {A}lgorithm for {G}enerating and {A}nalyzing {B}attlefield {C}ourses of {A}ction",
	journal = "Evolutionary Computation",
	year = 1999,
	volume = 7,
	number = 1,
	pages = "45--68"
}

@InProceedings{ HaslumGeffner-AIPS-2000,
	author = "P. Haslum and H. Geffner",
	title = "Admissible {H}euristics for {O}ptimal {P}lanning",
	booktitle = "Proc. AIPS-2000",
	pages = "70--82",
	year = 2000
}

@InProceedings{ HaslumGeffner-ECP-2001,
	author = "P. Haslum and H. Geffner",
	title = "{Heuristic Planning with Time and Resources}",
	booktitle = "Proc. ECP-01",
	pages = "121--132",
	year = 2001
}

@InProceedings{ Spector-AAAI-94,
	author = "L. Spector",
	title = "Genetic {P}rogramming and {AI} {P}lanning {S}ystems",
	booktitle = "Proc. AAAI 94",
	pages = "1329--1334",
	year = 1994,
	publisher = "AAAI/MIT Press"
}

@Article{ fikes:strips,
	author = "R. Fikes and N. Nilsson",
	title = "{STRIPS}: {A} {N}ew {A}pproach to the {A}pplication of {T}heorem {P}roving to {P}roblem {S}olving",
	journal = "Artificial Intelligence",
	year = "1971",
	volume = "1",
	pages = "27--120"
}

@Unpublished{ pddl,
	author = "D. McDermott",
	year = "1998",
	title = "{PDDL} -- {T}he {P}lanning {D}omain {D}efinition {l}anguage",
	note = "At {\texttt{http://ftp.cs.yale.edu/pub/mcdermott}}"
}

@Article{ mcdermott:pddl,
	author = "D. McDermott",
	title = "The 1998 {AI} {P}lanning {S}ystems {C}ompetition",
	journal = "Artificial Intelligence Magazine",
	year = "2000",
	volume = "21",
	number = "2",
	pages = "35--56"
}

@InProceedings{ vidal:aaai04,
	Author = "V. Vidal and H. Geffner",
	Title = "Branching and {P}runing: {A}n {O}ptimal {T}emporal {POCL} {P}lanner based on {C}onstraint {P}rogramming",
	BookTitle = "Proc. {AAAI}",
	Pages = "570--577",
	year = 2004
}

@Article{ weld:planning,
	author = "D. S. Weld",
	title = "An {I}ntroduction to {L}east {C}ommitment {P}lanning",
	journal = "AI Magazine",
	volume = "15",
	number = "4",
	pages = "27--61",
	year = "1994"
}

@Article{ bylander:complexity,
	author = "T. Bylander",
	title = "The {C}omputational {C}omplexity of {P}ropositional {STRIPS} {P}lanning",
	journal = "Artificial Intelligence",
	volume = "69",
	number = "1-2",
	pages = "165--204",
	year = "1994"
}

@Article{ korf:subgoals,
	author = "R. Korf",
	title = "{P}lanning as {S}earch: {A} {Q}uantitative {A}pproach",
	journal = "Artificial Intelligence",
	volume = "33",
	pages = "65--88",
	year = "1987"
}

@Article{ koehler:agenda,
	author = "J. Koehler and J. Hoffmann",
	title = "{O}n {R}easonable and {F}orced {G}oal {O}rderings and their {U}se in an {A}genda-{D}riven {P}lanning {A}lgorithm",
	journal = "JAIR",
	volume = "12",
	pages = "338--386",
	year = "2000"
}

@TechReport{ Moscato89,
	author = "P. Moscato",
	title = "{On Evolution, Search, Optimization, Genetic Algorithms and Martial Arts: Towards Memetic Algorithms}",
	institution = "Caltech Concurrent Computation Program, C3P",
	year = 1989,
	number = "Caltech Concurrent Computation Program"
}

@Book{ MemeticBook:2005,
	editor = "W.E. Hart and N. Krasnogor and J.E. Smith",
	title = "Recent Advances in Memetic Algorithms",
	publisher = "Springer Verlag",
	series = "Studies in Fuzziness and Soft Computing, Vol. 166",
	year = 2005
}

@InProceedings{ Deb:NSGAII:PPSN2000,
	author = "K. Deb and S. Agrawal and A. Pratab and T. Meyarivan",
	title = "{A Fast Elitist Non-Dominated Sorting Genetic Algorithm for Multi-Objective Optimization}",
	booktitle = "PPSN'2000",
	pages = "849--858",
	year = 2000,
	editor = "M. Schoenauer {et al.}",
	publisher = "Springer-Verlag, LNCS 1917"
}

@Misc{ RapportTGV92,
	key = "Theses et Stage",
	author = "C. Desquilbet",
	title = "D{\'e}termination de trajets optimaux par algorithmes g{\'e}n{\'e}tiques",
	year = "1992",
	month = "Juin",
	howpublished = "Rapport de stage d'option B2 de l'Ecole Polytechnique. Palaiseau, France",
	note = "Advisor: Marc Schoenauer. In French"
}

@InProceedings{ Grefenstette_TSP87,
	author = "J. J. Grefenstette",
	title = "{Incorporating Problem Specific Knowledge in Genetic Algorithms}",
	booktitle = "Genetic Algorithms and Simulated Annealing",
	year = 1987,
	editor = "Davis L.",
	publisher = "Morgan Kaufmann",
	pages = "42--60"
}

@Book{ EibenSmith2003,
	author = "A.E. Eiben and J.E. Smith",
	title = "Introduction to Evolutionary Computing",
	publisher = "Springer Verlag",
	year = 2003
}

@Article{ IPL2002,
	author = "A.E. Eiben and M. Schoenauer",
	title = "Evolutionary {C}omputing",
	journal = "Information Processing Letter",
	year = 2002,
	volume = 82,
	number = 1,
	pages = "1--6"
}

@InProceedings{ DAE:EvoCOP06,
	author = "Marc Schoenauer and Pierre Sav{\'e}ant and Vincent Vidal",
	title = "{Divide-and-Evolve: a New Memetic Scheme for Domain-Independent Temporal Planning}",
	booktitle = "Proc. EvoCOP'06",
	year = "2006",
	editor = "J. Gottlieb and G. Raidl",
	publisher = "Springer Verlag"
}

@InProceedings{ DAE:book-2007,
	author = "Marc Schoenauer and Pierre Sav{\'e}ant and Vincent Vidal",
	title = "{Divide-and-Evolve: a Sequential Hybridization Strategy using Evolutionary Algorithms}",
	booktitle = "{Advances in Metaheuristics for Hard Optimization}",
	year = "2007",
	editor = "Z. Michalewicz and P. Siarry",
	publisher = "Springer",
	pages = "179--198"
}

@Book{ ECJ-MA,
	editor = "W.E. Hart and N. Krasnogor and J.E.Smith",
	title = "{Evolutionary Computation -- Special Issue on Memetic Algorithms}",
	year = 2004,
	volume = "12:3",
	publisher = "MIT Press"
}

@Book{ koza92,
	author = "John R. Koza",
	title = "{Genetic Programming: on the Programming of Computers by Means of Natural Selection}",
	year = "1992",
	isbn = "0-262-11170-5",
	publisher = "MIT Press",
	address = "Cambridge, MA, USA"
}

@Proceedings{ DBLP:conf/aips/2004,
	editor = "Shlomo Zilberstein and Jana Koehler and Sven Koenig",
	title = "Proceedings of the Fourteenth International Conference on Automated Planning and Scheduling (ICAPS 2004), June 3-7 2004, Whistler, British Columbia, Canada",
	booktitle = "ICAPS",
	publisher = "AAAI",
	year = "2004",
	isbn = "1-57735-200-9",
	bibsource = "DBLP, http://dblp.uni-trier.de"
}

@InProceedings{ BibEvoCop2009,
	author = "J. Bibai and P. Sav{\'e}ant and M. Schoenauer",
	title = "{Divide-And-Evolve Facing State-of-the-Art Temporal Planners during the $6^{th}$ International Planning Competition}",
	booktitle = "Ninth European Conference on Evolutionary Computation in Combinatorial Optimization (EvoCOP 2009)",
	year = "2009",
	pages = "133--144",
	x-cle-support = "EvoCOP",
	x-equipe = "IAO",
	x-support = "actes",
	x-theme = "complex",
	x-type = "article",
	series = "Lecture Notes in Computer Science",
	number = "5482",
	editor = "C. Cotta and P. Cowling",
	publisher = "Springer-Verlag",
	url = "http://hal.inria.fr/inria-00356069/fr/"
}

@InProceedings{ Gallagher07-1,
	author = "B. Yuan and M. Gallagher",
	title = "Combining {M}eta-{EA}s and {R}acing for {D}ifficult {EA} {P}arameter {T}uning {T}asks",
	booktitle = "Parameter Setting in Evolutionary Algorithms",
	year = "2007",
	keywords = "Neural Networks, Genetic Alogrithm",
	publisher = "Springer-Verlag",
	pages = "121--142"
}

@InProceedings{ Maron94hoeffdingraces,
	author = "Oded Maron and Andrew W. Moore",
	title = "{Hoeffding Races: Accelerating Model Selection Search for Classification and Function Approximation}",
	booktitle = "In Advances in neural information processing systems 6",
	year = "1994",
	pages = "59--66",
	publisher = "Morgan Kaufmann"
}

@InProceedings{ brafman-2006,
	author = "R. I. Brafman and C. Domshlak",
	title = "{F}actored {P}lanning: {H}ow, {W}hen, and {W}hen {N}ot",
	booktitle = "Proc. {AAAI}",
	year = 2006
}

@InProceedings{ Kelareva-2007,
	author = "E. Kelareva and O. Buffet and J. Huang and S. Thi{\'e}baux",
	title = "{F}actored {P}lanning {U}sing {D}ecomposition {T}rees",
	booktitle = "Proc. {IJCAI}-07",
	year = 2007
}

@Article{ ChenJAIR-2006,
	author = "Y. Chen and C. Hsu and B. Wah",
	title = "{Temporal Planning using Subgoal Partitioning and Resolution in SGPlan}",
	journal = "Artificial Intelligence",
	year = 2006,
	volume = "26",
	pages = "323--369"
}

@InProceedings{ NewtonLevineFoxLong-2007,
	author = "M.A. H. Newton and J. Levine and M. Fox and D. Long",
	title = "{Learning Macro-Actions for Arbitrary Planners and Domains}",
	booktitle = "Proc. ICAPS",
	year = 2007
}

@Unpublished{ deterministic:IPC6,
	author = "J. Bibai and P. Sav{\'e}ant and M. Schoenauer and V. Vidal",
	year = "2008",
	title = "{DAE : Planning as Artificial Evolution (Deterministic part)}",
	note = "At International Planning Competition (IPC) {\texttt{http://ipc.icaps-conference.org/}}"
}

@Article{ bacchus:pddl,
	author = "F. Bacchus",
	title = "The 2000 {AI} {P}lanning {S}ystems {C}ompetition",
	journal = "Artificial Intelligence Magazine",
	volume = "22",
	number = "3",
	pages = "47--56",
	year = "2001"
}

@Article{ fox:competition,
	author = "D. Long and M. Fox",
	title = "The 3rd {I}nternational {P}lanning {C}ompetition: {R}esults and {A}nalysis",
	journal = "JAIR",
	year = "2003",
	pages = "1--59",
	volume = "20"
}

@Article{ hoffmann:competition,
	author = {J{\"o}rg Hoffmann and Stefan Edelkamp},
	title = "The {D}eterministic {P}art of {IPC}-4: {A}n {O}verview",
	journal = "{JAIR}",
	year = "2005",
	volume = "24",
	pages = "519--579"
}

@Article{ vidal:aij06,
	author = "V. Vidal and H. Geffner",
	title = "Branching and {P}runing: {A}n {O}ptimal {T}emporal {POCL} {P}lanner based on {C}onstraint {P}rogramming",
	journal = "Artificial Intelligence",
	volume = 170,
	number = 3,
	pages = "298--335",
	year = "2006"
}

@InProceedings{ vidal:ecpt,
	author = "V. Vidal and H Geffner",
	title = "Solving {S}imple {P}lanning {P}roblems with {M}ore {I}nference and {N}o {S}earch",
	booktitle = "Proc. CP",
	pages = "682--696",
	year = 2005
}

@InProceedings{ weld:time,
	author = "D. Smith and D. S. Weld",
	title = "Temporal {P}lanning with {M}utual {E}xclusion {R}easoning",
	booktitle = "Proc. IJCAI",
	pages = "326--337",
	year = "1999"
}

@Misc{ Stage_Corentin,
	key = "Theses et Stage",
	author = "C. Desquilbet",
	title = "D{\'e}termination de trajets optimaux par algorithmes g{\'e}n{\'e}tiques",
	year = "1992",
	month = "Juin",
	howpublished = "Rapport de stage d'option B2 de l'Ecole Polytechnique. Palaiseau"
}

@Article{ Grefenstette86,
	author = "J. J. Grefenstette",
	title = "Optimization of Control Parameters for Genetic Algorithms",
	journal = "IEEE Trans. on Systems, Man and Cybernetics",
	year = "1986",
	volume = "SMC-16"
}

@InProceedings{ Radcliffe-variance,
	author = "N. J. Radcliffe and P. D. Surry",
	title = "{Fitness Variance of Formae and Performance Prediction}",
	booktitle = "Foundations of Genetic Algorithms 3",
	year = 1995,
	editor = "L. D. Whitley and M. D. Vose",
	publisher = "Morgan Kaufmann",
	pages = "51--72"
}

@InProceedings{ Whitley_TSP89,
	author = "D. Whitley and T. Starkweather and D. Fuquay",
	title = "{Scheduling Problems and Traveling Salesman: The Genetic Edge Recombination Operator}",
	booktitle = "Proc. $3^{rd}$ Intl Conf. on Genetic Algorithms",
	year = "1989",
	editor = "J.~D.~Schaffer",
	publisher = "Morgan Kaufmann"
}

@Book{ KozaIII,
	author = "J. R. Koza and al.",
	title = "Genetic Programming III: Automatic Synthesis of Analog Circuits",
	year = "1999",
	publisher = "MIT Press"
}

@InProceedings{ muslea97,
	author = "Ion Muslea",
	title = "{SINERGY: A Linear Planner Based on Genetic Programming}",
	booktitle = "Proc. ECP '97",
	year = "1997",
	pages = "312--324",
	publisher = "Springer-Verlag"
}

@InProceedings{ westerberg:2000,
	author = "C Henrik Westerberg and John Levine",
	title = "{``GenPlan'': Combining Genetic Programming and Planning}",
	booktitle = "19th PLANSIG Workshop",
	year = "2000",
	editor = "Max Garagnani"
}

@InProceedings{ westerberg:2001,
	author = "C. Henrik Westerberg and John Levine",
	title = "{Investigations of Different Seeding Strategies in a Genetic Planner}",
	booktitle = "Applications of Evolutionary Computing",
	year = "2001",
	editor = "{E.J.W. Boers et al.}",
	pages = "505--514",
	publisher = "LNCS 2037, Springer-Verlag"
}

@Article{ marc05chaise,
	author = "Philippe Morel and Hatem Hamda and Marc Schoenauer",
	title = "{Computational Chair Design using Genetic Algorithms}",
	journal = "Concept",
	volume = "71",
	number = "3",
	pages = "95--99",
	year = "2005"
}

@InProceedings{ Gomes-1997,
	author = "C.P. Gomes and B. Selman and N. Crato",
	title = "{Heavy-Tailed Distributions in Combinatorial Search}",
	booktitle = "Proc. CP-97",
	pages = "121--135",
	year = 1997
}

@Article{ gerevini-2003b,
	author = "A. Gerevini and A. Saetti and I. Serina",
	title = "{Planning through Stochastic Local Search and Temporal Action Graphs in LPG}",
	journal = "JAIR",
	year = "2003",
	volume = "20",
	pages = "239--290"
}

@InProceedings{ gerevini-2003a,
	author = "A. Gerevini and A. Saetti and I. Serina",
	title = "{On Managing Temporal Information for Handling Durative Actions in LPG}",
	booktitle = "AI*IA 2003: Advances in Artificial Intelligence",
	year = 2003,
	publisher = "Springer Verlag"
}

@InProceedings{ mcallester:planning,
	author = "D. McAllester and D. Rosenblitt",
	title = "Systematic {N}onlinear {P}lanning",
	booktitle = "Proc. AAAI-91",
	year = "1991",
	pages = "634--639"
}

@InProceedings{ gelly08,
	author = "Sylvain Gelly and David Silver",
	title = "{Achieving Master Level Play in 9 x 9 Computer Go}",
	booktitle = "Proc. AAAI",
	year = "2008",
	pages = "1537--1540"
}

@Article{ BongardPNAS07,
	author = "J. Bonfard and H. Lipson",
	title = "{Automated Reverse Engineering of Nonlinear Dynamical Systems}",
	journal = "PNAS",
	year = "2007",
	volume = "104",
	number = "24",
	pages = "9943--9948"
}

@InProceedings{ augerHansenCEC05,
	author = "A. Auger and N. Hansen",
	title = "{A Restart CMA Evolution Strategy with Increasing Population Size}",
	booktitle = "CEC'05",
	pages = "1769--1776",
	year = "2005",
	publisher = "IEEE Press"
}

@InProceedings{ Vidal04,
	author = "Vincent Vidal",
	title = "{A Lookahead Strategy for Heuristic Search Planning}",
	booktitle = " International Conference on Automated Planning \& Scheduling - ICAPS$14^{th}$",
	year = "2004",
	pages = "150--160"
}

@InProceedings{ birattari2002,
	author = {Mauro Birattari and Thomas St{\"u}tzle and Luis Paquete and Klaus Varrentrapp},
	title = "{A Racing Algorithm for Configuring Metaheuristics}",
	booktitle = "GECCO '02",
	year = "2002",
	isbn = "1-55860-878-8",
	pages = "11--18",
	publisher = "Morgan Kaufmann"
}

@InProceedings{ Yuan04,
	author = "Bo Yuan and Marcus Gallagher",
	title = "{Statistical Racing Techniques for Improved Empirical Evaluation of Evolutionary Algorithms}",
	booktitle = "Parallel Problem Solving from Nature - PPSN VIII",
	year = "2004",
	series = "LNCS 3242",
	pages = "172--181",
	publisher = "Springer Verlag"
}

@Article{ hoffmann:nebel:jair-01,
	author = {J{\"o}rg Hoffmann and Bernhard Nebel},
	title = "{The {FF} Planning System: Fast Plan Generation Through Heuristic Search}",
	journal = "{JAIR}",
	year = "2001",
	volume = "14",
	pages = "253--302"
}

@Article{ malteFD2006,
	author = "Malte Helmert",
	title = "{The Fast Downward Planning System}",
	journal = "{JAIR}",
	volume = "26",
	number = "1",
	year = "2006",
	issn = "1076-9757",
	pages = "191--246",
	publisher = "AI Access Foundation"
}

@InProceedings{ bibai:2009,
	title = "{Learning Divide-and-Evolve Parameter Configurations with Racing}",
	author = "J. Bibai and P. Sav{\'e}ant and M. Schoenauer and V. Vidal",
	booktitle = "ICAPS 2009 proceedings of the Workshop on Planning and Learning ",
	publisher = "AAAI press",
	address = "Thessaloniki Gr{\`e}ce ",
	organization = "ICAPS and University of Macedonia ",
	editor = "Amanda Coles and Andrew Coles and Sergio Jimenez Celorrio and Susana Fernandez Arregui and Tomas {de la Rosa}",
	page = "53-56",
	year = "2009"
}

@InProceedings{ richterLama,
	author = "Silvia Richter and Malte Helmert and Matthias Westphal",
	title = "{Landmarks Revisited}",
	booktitle = "{AAAI'08}",
	year = "2008",
	isbn = "978-1-57735-368-3",
	pages = "975--982",
	publisher = "AAAI Press"
}

@InProceedings{ maurogecco02,
	author = {Mauro Birattari and Thomas St{\"u}tzle and Luis Paquete and Klaus Varrentrapp},
	title = "A Racing Algorithm for Configuring Metaheuristics",
	booktitle = "GECCO '02: Proceedings of the Genetic and Evolutionary Computation Conference",
	year = "2002",
	isbn = "1-55860-878-8",
	pages = "11--18",
	publisher = "Morgan Kaufmann Publishers Inc.",
	address = "San Francisco, CA, USA"
}

@Book{ practice08,
	editor = "Tina Yu and Lawrence Davis and Cem Baydar and Rajkumar Roy",
	title = "Evolutionary Computation in Practice",
	publisher = "Studies in Computational Intelligence 88, Springer Verlag",
	year = "2008"
}

@Book{ ParameterSettingBook07,
	editor = "F.G. Lobo and C.F. Lima and Z. Michalewicz",
	title = "Parameter Setting in Evolutionary Algorithms",
	publisher = "Springer",
	address = "Berlin",
	year = "2007"
}

@InProceedings{ BibEvoCop:2010,
	editor = "P. Cowling and P. Merz",
	publisher = "Springer-Verlag",
	title = "On the Benefit of Sub-Optimality within the Divide-and-Evolve Scheme",
	year = "2010",
	author = "{J}acques {B}ibai and {P}ierre {S}av{\'e}ant and {M}arc {S}choenauer and {V}incent {V}idal",
	booktitle = "EvoCOP 2010",
	url = "http://hal.inria.fr/inria-00443984/fr/",
	x-cle-support = "EvoCOP",
	x-equipe = "IAO",
	x-support = "actes",
	x-theme = "complex",
	x-type = "article",
	series = "Lecture Notes in Computer Science",
	pages = "23--34",
	number = "6022"
}

@InProceedings{ Hutter06,
	author = "Frank Hutter and Youssef Hamadi and Holger H. Hoos and Kevin Leyton-Brown",
	title = "Performance Prediction and Automated Tuning of Randomized and Parametric Algorithms",
	pages = "213--228",
	year = "2006",
	booktitle = "CP 2006",
	publisher = "Springer Verlag",
	series = "lncs",
	number = 4204
}

@InCollection{ Merz:Freisleben99,
	author = "P. Merz and B. Freisleben",
	title = "Fitness Landscapes and Memetic Algorithm Design",
	booktitle = "New Ideas in Optimization",
	publisher = "McGraw-Hill",
	year = "1999",
	editor = "David Corne and Marco Dorigo and Fred Glover",
	pages = "245--260",
	address = "London"
}

@InProceedings{ ReevesFOGA94,
	author = "Colin R. Reeves and Christine C. Wright",
	title = "An Experimental Design Perspective on Genetic Algorithms",
	booktitle = "FOGA 3",
	year = "1994",
	pages = "7--22",
	editor = "D. Whitley and M. D. Vose",
	publisher = "Morgan Kaufmann"
}

@InProceedings{ SPO:CEC05,
	author = "Th. Bartz-Beielstein and C.W.G. Lasarczyk and M. Preuss",
	title = "Sequential Parameter Optimization",
	booktitle = "Proc. CEC'05",
	year = "2005",
	pages = "773--780",
	editor = "Bob McKay",
	publisher = "IEEE Press"
}

@InProceedings{ hoosSPO++09,
	author = "Frank Hutter and Holger H. Hoos and Kevin Leyton-Brown and Kevin P. Murphy",
	title = "{An experimental investigation of model-based parameter optimisation: SPO and beyond}",
	booktitle = "GECCO'09",
	year = "2009",
	pages = "271--278",
	publisher = "ACM",
	editor = "{Franz Rothlauf et al.}"
}

@Article{ ben2007,
	author = "H. Benhadda and F. Marcotorchino.",
	title = "L'analyse relationnelle pour la fouille de grandes bases de donn{\'e}es",
	journal = "In Revue des Nouvelles Technologies de l'Information",
	year = "2007",
	volume = "RNTI-A-2"
}

@Article{ marco1981,
	author = "F. Marcotorchino and P. Michaud",
	title = "Agr{\'e}gation des similarit{\'e}s en Classification Automatique",
	journal = "In Revue de Statistique Appliqu{\'e}e",
	year = "1981",
	volume = "Vol 30-No 2"
}

@InProceedings{ NannenE07,
	author = "V. Nannen and A. E. Eiben",
	title = "Relevance Estimation and Value Calibration of Evolutionary Algorithm Parameters",
	booktitle = "Proc. Intl. Joint Conference on Artificial Intelligence",
	editor = "{M. Veloso}",
	year = "2007",
	pages = "975--980"
}

@InProceedings{ Bibai:ICAPS2010,
	author = "{J}acques {B}ibai and {P}ierre {S}av{\'e}ant and {M}arc {S}choenauer and {V}incent {V}idal",
	title = "An Evolutionary Metaheuristic Based on State Decomposition for Domain-Independent Satisficing Planning",
	booktitle = "{I}{C}{A}{P}S 2010",
	publisher = "AAAI press",
	url = "http://hal.archives-ouvertes.fr/docs/00/45/62/92/PDF/icaps10.pdf",
	year = "2010",
	pages = "18--25"
}

@InProceedings{ BibGECCO:2010,
	author = "J. Bibai and P. Sav{\'e}ant and M. Schoenauer and V. Vidal",
	title = "On the Generality of Parameter Tuning in Evolutionary Planning",
	year = "2010",
	month = "July",
	url = "http://hal.inria.fr/inria-00463437/fr/",
	booktitle = "Genetic and Evolutionary Computation Conference (GECCO)",
	pages = "241--248",
	publisher = "ACM Press",
	editor = "J. Branke {et al.}"
}

@Article{ hansen2009tec,
	title = "A Method for Handling Uncertainty in Evolutionary Optimization with an Application to Feedback Control of Combustion",
	author = "N. Hansen and S.P.N. Niederberger and L. Guzzella and P. Koumoutsakos",
	journal = "IEEE Transactions on Evolutionary Computation",
	volume = "13",
	number = "1",
	pages = "180--197",
	year = "2009",
	publisher = "IEEE"
}

@InProceedings{ V:icaps04,
	author = "Vincent Vidal",
	title = "A Lookahead Strategy for Heuristic Search Planning",
	booktitle = "Proceedings of the 14th International Conference on Automated Planning and Scheduling (ICAPS'04)",
	year = "2004",
	pages = "150--159",
	publisher = "AAAI Press",
	address = "Whistler, BC, Canada",
	month = jun
}

@Article{ hansen2001ecj,
	title = "Completely derandomized self-adaptation in evolution strategies",
	author = "N. Hansen and A. Ostermeier",
	journal = "Evolutionary Computation",
	volume = "9",
	number = "2",
	pages = "159--195",
	year = "2001",
	publisher = "MIT Press"
}

@Article{ shark08,
	author = "Christian Igel and Tobias Glasmachers and Verena Heidrich-Meisner",
	title = "Shark",
	journal = "Journal of Machine Learning Research",
	year = "2008",
	volume = "9",
	pages = "993--996"
}

@TechReport{ nissen,
	author = "N. Nissen",
	title = "{Implementation of a Fast Artificial Neural Network Library (FANN)}",
	institution = "Department of Computer Science University of Copenhagen (DIKU)",
	year = 2003,
	url = "http://heanet.dl.sourceforge.net/project/fann/fann_doc/1.0/fann_doc_complete_1.0.pdf"
}

@InProceedings{ Montero:2010,
	author = "Elizabeth Montero and Mar{\'i}a-Cristina Riff and Bertrand Neveu",
	title = "An evaluation of off-line calibration techniques for evolutionary algorithms",
	booktitle = "Proceedings of the 12th annual conference on Genetic and evolutionary computation",
	series = "GECCO '10",
	year = "2010",
	isbn = "978-1-4503-0072-8",
	location = "Portland, Oregon, USA",
	pages = "299--300",
	numpages = "2",
	url = "http://doi.acm.org/10.1145/1830483.1830540",
	doi = "http://doi.acm.org/10.1145/1830483.1830540",
	acmid = "1830540",
	publisher = "ACM",
	address = "New York, NY, USA",
	keywords = "evolutionary algorithms, parameter setting problem"
}

@Article{ ParamILS-JAIR,
	author = {Frank Hutter and Holger H. Hoos and Kevin Leyton-Brown and Thomas St{\"u}tzle},
	title = "{ParamILS:} An Automatic Algorithm Configuration Framework",
	journal = "Journal of Artificial Intelligence Research",
	year = 2009,
	volume = 36,
	pages = "267--306",
	month = "October"
}

@InProceedings{ Nannen07,
	author = "V. Nannen and S. K. Smit and A. E. Eiben",
	title = "Costs and Benefits of Tuning Parameters of Evolutionary Algorithms",
	booktitle = "Proceedings of the 20th Conference on Parallel Problem Solving from Nature",
	year = "2008"
}

@InProceedings{ Bardenet,
	author = "R. Bardenet and B. K{\'e}gl",
	title = "Surrogating the surrogate: accelerating Gaussian-process-based global optimization with a mixture cross-entropy algorithm",
	booktitle = "Proceedings of the 27th International Conference on Machine Learning (ICML 2010)",
	year = "2010",
}
